<record><leader>00000cas a22000007a 4500</leader><controlfield tag="001">11245677</controlfield><controlfield tag="008">841009d18791880nyudr ne      0    0eng d</controlfield><datafield ind1=" " ind2=" " tag="010"><subfield code="a">sn 84035774 </subfield></datafield><datafield ind1=" " ind2=" " tag="040"><subfield code="a">NYG</subfield><subfield code="b">eng</subfield><subfield code="c">NYG</subfield><subfield code="d">NPX</subfield><subfield code="d">NYS</subfield><subfield code="d">NYG</subfield><subfield code="d">NYS</subfield><subfield code="d">CNK</subfield><subfield code="d">OCLCQ</subfield></datafield><datafield ind1=" " ind2=" " tag="042"><subfield code="a">msc</subfield></datafield><datafield ind1="0" ind2="0" tag="245"><subfield code="a">Granville daily sentinel.</subfield></datafield><datafield ind1="1" ind2="3" tag="246"><subfield code="a">Granville sentinel</subfield></datafield><datafield ind1=" " ind2=" " tag="260"><subfield code="a">Granville, N.Y. :</subfield><subfield code="b">[Granville Daily Sentinel]</subfield></datafield><datafield ind1=" " ind2=" " tag="300"><subfield code="a">v. :</subfield><subfield code="b">ill. ;</subfield><subfield code="c">50 cm.</subfield></datafield><datafield ind1=" " ind2=" " tag="310"><subfield code="a">Daily</subfield></datafield><datafield ind1="1" ind2=" " tag="362"><subfield code="a">Began in 1879; ceased in 1880.</subfield><subfield code="z">Cf. Gregory, W. Amer. newspapers.</subfield></datafield><datafield ind1=" " ind2=" " tag="580"><subfield code="a">Weekly ed.: Granville sentinel (Granville, N.Y. : 1875).</subfield></datafield><datafield ind1=" " ind2=" " tag="588"><subfield code="a">Description based on: Vol. 1, no. 32 (Jan. 26, 1880).</subfield></datafield><datafield ind1=" " ind2="4" tag="651"><subfield code="a">Granville (N.Y.)</subfield><subfield code="v">Newspapers.</subfield></datafield><datafield ind1=" " ind2=" " tag="752"><subfield code="a">United States</subfield><subfield code="b">New York</subfield><subfield code="c">Washington</subfield><subfield code="d">Granville.</subfield></datafield><datafield ind1="1" ind2=" " tag="775"><subfield code="t">Granville sentinel (Granville, N.Y. : 1875)</subfield><subfield code="w">(DLC)sn 84031470</subfield></datafield><datafield ind1="1" ind2=" " tag="029"><subfield code="a">AU@</subfield><subfield code="b">000020382421</subfield></datafield></record>